<?xml version="1.0" encoding="UTF-8"?><collection xmlns="http://www.loc.gov/MARC21/slim"><record><leader>00396nam--2200133-i-4500</leader><controlfield tag="001">000001070</controlfield><controlfield tag="002">20161230</controlfield><controlfield tag="005">20161230201024</controlfield><controlfield tag="008">060222s1000------------r-----000-0-eng-d</controlfield><datafield ind1=" " ind2=" " tag="080"><subfield code="a">620.192.3:546.46(043)</subfield></datafield><datafield ind1=" " ind2=" " tag="100"><subfield code="a">Henckes-viatte, Margherite</subfield></datafield><datafield ind1=" " ind2=" " tag="245"><subfield code="a">Etude de la cavitation par fluage d aliages de magnesium.these</subfield></datafield><datafield ind1=" " ind2=" " tag="260"><subfield code="a">Paris, L Universite Paris Vi, 1975.  87 P. + Dif</subfield></datafield><datafield ind1=" " ind2=" " tag="852"><subfield code="a">44173</subfield></datafield></record></collection>